<?xml version="1.0" encoding="UTF-8"?>
<marc:collection xmlns:marc="http://www.loc.gov/MARC21/slim" xmlns:xsi="http://www.w3.org/2001/XMLSchema-instance" xsi:schemaLocation="http://www.loc.gov/MARC21/slim http://www.loc.gov/standards/marcxml/schema/MARC21slim.xsd">
   <marc:record type="Bibliographic">
      <marc:leader>02732cam a2200457Ia 4500</marc:leader>
      <marc:controlfield tag="001">4544187</marc:controlfield>
      <marc:controlfield tag="003">NjP</marc:controlfield>
      <marc:controlfield tag="005">20130430102543.0</marc:controlfield>
      <marc:controlfield tag="008">000920s1983    ir       b    001 0 ara d</marc:controlfield>
      <marc:datafield tag="024" ind1="7" ind2=" ">
         <marc:subfield code="a">princeton_aco001090</marc:subfield>
         <marc:subfield code="2">local</marc:subfield>
      </marc:datafield>
      <marc:datafield tag="035" ind1=" " ind2=" ">
         <marc:subfield code="a">(OCoLC)ocn179204242</marc:subfield>
      </marc:datafield>
      <marc:datafield tag="035" ind1=" " ind2=" ">
         <marc:subfield code="a">(OCoLC)179204242</marc:subfield>
      </marc:datafield>
      <marc:datafield tag="035" ind1=" " ind2=" ">
         <marc:subfield code="a">(CStRLIN)UWON00-B514</marc:subfield>
      </marc:datafield>
      <marc:datafield tag="035" ind1=" " ind2=" ">
         <marc:subfield code="a">(NjP)4544187</marc:subfield>
      </marc:datafield>
      <marc:datafield tag="040" ind1=" " ind2=" ">
         <marc:subfield code="a">UkOxU</marc:subfield>
         <marc:subfield code="c">PUL</marc:subfield>
         <marc:subfield code="d">PUL</marc:subfield>
      </marc:datafield>
      <marc:datafield tag="049" ind1=" " ind2=" ">
         <marc:subfield code="a">PULL</marc:subfield>
      </marc:datafield>
      <marc:datafield tag="066" ind1=" " ind2=" ">
         <marc:subfield code="c">(3</marc:subfield>
         <marc:subfield code="c">(4</marc:subfield>
      </marc:datafield>
      <marc:datafield tag="079" ind1=" " ind2=" ">
         <marc:subfield code="a">ocn122780308</marc:subfield>
      </marc:datafield>
      <marc:datafield tag="100" ind1="1" ind2=" ">
         <marc:subfield code="6">880-01</marc:subfield>
         <marc:subfield code="a">Ṭūsī, Muḥammad ibn al-Ḥasan,</marc:subfield>
         <marc:subfield code="d">995-1067?</marc:subfield>
      </marc:datafield>
      <marc:datafield tag="240" ind1="1" ind2="0">
         <marc:subfield code="6">880-02</marc:subfield>
         <marc:subfield code="a">Tamhīd al-uṣūl fī ʻilm al-kalām</marc:subfield>
      </marc:datafield>
      <marc:datafield tag="245" ind1="1" ind2="0">
         <marc:subfield code="6">880-03</marc:subfield>
         <marc:subfield code="a">Kitāb Tamhīd al-uṣūl fī ʻilm al-kalām /</marc:subfield>
         <marc:subfield code="c">li-Abī Jaʻfar Muḥammad ibn al-Ḥasan al-Ṭūsī :</marc:subfield>
         <marc:subfield code="b">wa-huwa al-sharḥ ʻalá al-qism al-naẓarī min risālat Jumal al-ʻilm wa-al-ʻamal lil-Sayyid al-Murtaḍá ʻAlam al-Hudá ; maʻa al-taṣḥīḥ wa-al-muqaddamah li-ʻAbd al-Muḥsin Mishkūt al-Dīnī.</marc:subfield>
      </marc:datafield>
      <marc:datafield tag="246" ind1="3" ind2="0">
         <marc:subfield code="6">880-04</marc:subfield>
         <marc:subfield code="a">Tamhīd al-uṣūl fī ʻilm al-kalām</marc:subfield>
      </marc:datafield>
      <marc:datafield tag="260" ind1=" " ind2=" ">
         <marc:subfield code="6">880-05</marc:subfield>
         <marc:subfield code="a">Tihrān :</marc:subfield>
         <marc:subfield code="b">Muʼassasah-ʼi intishārāt va chāp-i Dānishgāh-i Tihrān,</marc:subfield>
         <marc:subfield code="c">1362 [1983]</marc:subfield>
      </marc:datafield>
      <marc:datafield tag="300" ind1=" " ind2=" ">
         <marc:subfield code="a">[14], 419 p. ;</marc:subfield>
         <marc:subfield code="c">23 cm.</marc:subfield>
      </marc:datafield>
      <marc:datafield tag="490" ind1="1" ind2=" ">
         <marc:subfield code="6">880-06</marc:subfield>
         <marc:subfield code="a">Intishārāt-i Dānishgāh-i Tihrān ;</marc:subfield>
         <marc:subfield code="v">1835</marc:subfield>
      </marc:datafield>
      <marc:datafield tag="504" ind1=" " ind2=" ">
         <marc:subfield code="a">Includes bibliographical references and indexes.</marc:subfield>
      </marc:datafield>
      <marc:datafield tag="600" ind1="1" ind2="0">
         <marc:subfield code="a">Sharīf al-Murtaḍá, ʻAlam al-Hudá ʻAlī ibn al-Ḥusayn,</marc:subfield>
         <marc:subfield code="d">966-1044 or 1045.</marc:subfield>
         <marc:subfield code="t">Jumal al-ʻilm wa-al-ʻamal.</marc:subfield>
      </marc:datafield>
      <marc:datafield tag="650" ind1=" " ind2="0">
         <marc:subfield code="a">Shīʻah</marc:subfield>
         <marc:subfield code="x">Doctrines</marc:subfield>
         <marc:subfield code="v">Early works to 1800.</marc:subfield>
      </marc:datafield>
      <marc:datafield tag="650" ind1=" " ind2="0">
         <marc:subfield code="a">Islam</marc:subfield>
         <marc:subfield code="x">Customs and practices</marc:subfield>
         <marc:subfield code="v">Early works to 1800.</marc:subfield>
      </marc:datafield>
      <marc:datafield tag="700" ind1="1" ind2=" ">
         <marc:subfield code="6">880-07</marc:subfield>
         <marc:subfield code="a">Mishkāt al-Dīnī, ʻAbd al-Muḥsin.</marc:subfield>
      </marc:datafield>
      <marc:datafield tag="830" ind1=" " ind2="0">
         <marc:subfield code="a">Publications de l'Université de Tehran ;</marc:subfield>
         <marc:subfield code="v">1835.</marc:subfield>
      </marc:datafield>
      <marc:datafield tag="880" ind1="1" ind2=" ">
         <marc:subfield code="6">100-01/(3/r</marc:subfield>
         <marc:subfield code="a">طوسي، محمد بن الحسن،</marc:subfield>
         <marc:subfield code="d">995-1067؟</marc:subfield>
      </marc:datafield>
      <marc:datafield tag="880" ind1="1" ind2="0">
         <marc:subfield code="6">240-02/(3/r</marc:subfield>
         <marc:subfield code="a">تمهيد الاصول في علم الكلام</marc:subfield>
      </marc:datafield>
      <marc:datafield tag="880" ind1="1" ind2="0">
         <marc:subfield code="6">245-03/(3/r</marc:subfield>
         <marc:subfield code="a">كتاب تمهيد الاصول في علم الكلام /</marc:subfield>
         <marc:subfield code="c">لابي جعفر محمد بن الحسن الطوسي :</marc:subfield>
         <marc:subfield code="b">وهو الشرح على القسم النظري من رسالة جمل العلم والعمل للسيد المرتضى علم الهدى ؛ مع التصحيح والمقدمة لعبد المحسن مشكوة الديني.</marc:subfield>
      </marc:datafield>
      <marc:datafield tag="880" ind1="3" ind2="0">
         <marc:subfield code="6">246-04/(3/r</marc:subfield>
         <marc:subfield code="a">تمهيد الاصول في علم الكلام</marc:subfield>
      </marc:datafield>
      <marc:datafield tag="880" ind1=" " ind2=" ">
         <marc:subfield code="6">260-05/(3/r</marc:subfield>
         <marc:subfield code="a">تهران :</marc:subfield>
         <marc:subfield code="b">مؤسسۀ انتشارات و چاپ دانشگاه تهران،</marc:subfield>
         <marc:subfield code="c">1362 [1983]</marc:subfield>
      </marc:datafield>
      <marc:datafield tag="880" ind1="1" ind2=" ">
         <marc:subfield code="6">490-06/(3/r</marc:subfield>
         <marc:subfield code="a">انتشارات دانشگاه تهران ؛</marc:subfield>
         <marc:subfield code="v">1835</marc:subfield>
      </marc:datafield>
      <marc:datafield tag="880" ind1="1" ind2=" ">
         <marc:subfield code="6">700-07/(3/r</marc:subfield>
         <marc:subfield code="a">مشكات الديني، عبد المحسن.</marc:subfield>
      </marc:datafield>
      <marc:datafield tag="852" ind1="0" ind2=" ">
         <marc:subfield code="b">nec</marc:subfield>
         <marc:subfield code="h">BP174.S533</marc:subfield>
         <marc:subfield code="i">T875 1983</marc:subfield>
         <marc:subfield code="p">4792976</marc:subfield>
         <marc:subfield code="x">reclassed from: 2272.689575.955 1983</marc:subfield>
      </marc:datafield>
      <marc:datafield tag="904" ind1=" " ind2=" ">
         <marc:subfield code="a">mnc</marc:subfield>
         <marc:subfield code="b">a</marc:subfield>
         <marc:subfield code="h">m</marc:subfield>
         <marc:subfield code="c">b</marc:subfield>
         <marc:subfield code="e">20050615</marc:subfield>
      </marc:datafield>
      <marc:datafield tag="994" ind1=" " ind2=" ">
         <marc:subfield code="a">C0</marc:subfield>
         <marc:subfield code="b">PUL</marc:subfield>
      </marc:datafield>
      <marc:datafield tag="999" ind1=" " ind2=" ">
         <marc:subfield code="a">4544187</marc:subfield>
      </marc:datafield>
      <marc:datafield tag="902" ind1=" " ind2=" ">
         <marc:subfield code="a">kc</marc:subfield>
         <marc:subfield code="b">o</marc:subfield>
         <marc:subfield code="6">a</marc:subfield>
         <marc:subfield code="7">m</marc:subfield>
         <marc:subfield code="d">v</marc:subfield>
         <marc:subfield code="f">1</marc:subfield>
         <marc:subfield code="e">20080424</marc:subfield>
      </marc:datafield>
   </marc:record>
</marc:collection>
